Untuk setiap referensi, baris pertama (Newton1687) merupakan label dan baris-baris berikutnya
merupakan atribut dari referensi yang akan digunakan. Umumnya, format referensi berikut sudah
disediakan oleh penyedia sumber referensi secara online dan bisa langsung digunakan di sini.

Lihat https://www.bibtex.com/g/bibtex-format/ untuk informasi lebih lanjut mengenai format
BibTex yang digunakan pada file ini.

@article{jurnalkecelakaan2022,
  author  = {M. Damjanovic and D. Stanimirovic and Z. Stević and I. Tanackov},
  journal = {Facta Universitatis Series Mechanical Engineering},
  title   = {{IMPACT OF THE NUMBER OF VEHICLES ON TRAFFIC SAFETY: MULTIPHASE MODELING}},
  year    = {2022}
}

@article{jurnalspeed-roadsafety-relation,
  author  = {A. Etika and A. Paul and G. Ubana},
  journal = {School of Business, Hunan University of Science and Technology},
  title   = {An {I}nfluencing {F}actors {A}nalysis of {R}oad {T}raffic {A}ccidents {B}ased on {T}he {A}nalytic {H}ierarchy {P}rocess and {T}he {M}inimum {D}iscrimination {I}nformation {P}rinciple},
  year    = {2024}
}

@article{auto-vehicle-speed-uav-img,
  author  = {Yi-Nung Chung and Jun-de Li},
  journal = {Department of Electrical Engineering National Changhua University of Education, Changhua, Taiwan},
  title   = {Automatic {V}ehicle {S}peed {E}stimation {M}ethod for {U}nmanned {A}erial {V}ehicle {I}mages},
  year    = {2018}
}

@article{comparison-rcnn-yolov3,
  author  = {B. Benjdira and T. Khursheed and A. Koubaa and A. Ammar and K. Ouni},
  journal = {Muscat, Oman},
  title   = {Car {D}etection using {U}nmanned {A}erial {V}ehicles: {C}omparison between {F}aster {R-CNN} and {YOLO}v3},
  year    = {2019}
}

@article{novel-vehicle-tracking,
  author  = {Yuqing Chen and Dongyang Zhao and Meng Joo Er and Yan Zhuang and Huosheng Hu},
  journal = {International Journal of Remote Sensing},
  title   = {A novel vehicle tracking and speed estimation with varying UAV altitude and video resolution},
  year    = {2021}
}

@article{realtime-trafficflow-estimation,
  author  = {Ruimin Ke and Zhibin Li and Zewen Pan and Jinjun Tang and Yinhai Wang},
  journal = {Intelligent Transportation Systems},
  title   = {Real-{T}ime {T}raffic {F}low {P}arameter {E}stimation from {UAV} {V}ideo {B}ased on {E}nsemble {C}lassifier and {O}ptical {F}low},
  year    = {2019}
}

@article{efficient-roundabout-supervision,
  author  = {Imane Elmanaa and Abdelouahed Sabri and Yassine Abouch and Abdellah Aarab},
  journal = {LISAC Laboratory, Faculty of Sciences Dhar El Mahraz, Sidi Mohamed Ben Abdellah University, Morocco},
  title   = {Efficient {R}oundabout {S}upervision: {R}eal-{T}ime {V}ehicle {D}etection and {T}racking on {N}vidia {J}etson {N}ano},
  year    = {2023}
}

@article{perancangan-sistem-pengukur-kecepatan,
  author  = {Zikri Giarida and Perani Rosyani},
  journal = {Fakultas Ilmu Komputer, Program Studi Teknik Informatika, Universitas Pamulang, Tangerang Selatan Indonesia},
  title   = {Perancangan {S}istem {P}engukur {K}ecepatan {K}endaraan {B}erbasis {K}amera {M}enggunakan {A}lgoritma {YOLO}},
  year    = {2024}
}

@article{kamera-non-metrik,
  author  = {Prof. Dr. Sergey G. Mogilny and Prof. Dr. Andrei A. Sholomitskii and Oleksiy V. Martynov},
  journal = {Prydniprovs'ka State Academy of Civil Engineering and Architecture, Ukraine},
  title   = {{THE EFFECTIVENESS OF SELF-CALIBRATION OF NON-METRIC DIGITAL CAMERA THAT USED ON UNMANNED AERIAL VEHICLES}},
  year    = {2018}
}

@article{kalibrasi-chessboard,
  author  = {S. Sobura},
  journal = {Department of Geodesy and Geomatics, Faculty of Environmental, Geomatic and Energy Engineering,
             Kielce University of Technology, Kielce, Poland},
  title   = {{CALIBRATION OF NON-METRIC UAV CAMERA USING
             DIFFERENT TEST FIELDS}},
  year    = {2021}
}

@article{jetson-nano,
  author  = {Sebastián Valladares and Mayerly Toscano and Rodrigo Tufino and Paulina Morillo and Diego Vallejo},
  journal = {Department of Computer Science Universidad Politécnica Salesiana, Quito, Ecuador},
  title   = {Performance {E}valuation of the {N}vidia {J}etson {N}ano through a {R}eal-{T}ime {M}achine {L}earning {A}pplication},
  year    = {2021}
}

@article{rtsp,
  author  = {Hui Zhou and Fenghe Hu and Michal Juras and Asish B. Mehta and Yansha Deng},
  journal = {Department of Engineering, King's College London, London, U.K},
  title   = {Real-{T}ime {V}ideo {S}treaming and {C}ontrol of {C}ellular-{C}onnected {UAV} {S}ystem: {P}rototype and {P}erformance {E}valuation},
  year    = {2021}
}

@article{deeplearning,
  author  = {Ian Goodfellow and Yoshua Bengio and Aaron Courville},
  journal = {The MIT Press, Cambridge, MA, USA},
  title   = {Real-{T}ime {V}ideo {S}treaming and {C}ontrol of {C}ellular-{C}onnected {UAV} {S}ystem: {P}rototype and {P}erformance {E}valuation},
  year    = {2016}
}

@article{layercnn,
  author  = {Husnan and Chastine Fatichah and Rudy Dikairono},
  journal = {Jurnal Teknik ITS vol.12, no.3, Departemen Teknik Informatika, Institut Teknologi Sepuluh Nopember (ITS)},
  title   = {Deteksi {O}bjek {M}enggunakan {M}etode {YOLO} dan {I}mplementasinya pada {R}obot {B}awah {A}ir},
  year    = {2023}
}

@article{yolov8,
  author  = {Gang Wang and Yanfei Chen and Pei An and Hanyu Hong and Jinghu Hu and Tiange Huang},
  journal = {Hubei Key Laboratory of Optical Information and Pattern Recognition, School of Electrical and Information Engineering, Wuhan Institute of Technology, Wuhan, China},
  title   = {{UAV}-{YOLO}v8: {A} {S}mall-{O}bject-{D}etection {M}odel {B}ased on {I}mproved {YOLO}v8 for {UAV} {A}erial {P}hotography {S}cenarios},
  year    = {2023}
}

@article{tracking,
  author  = {Mukaram Safaldin and Nizar Zaghden and Mahmoud Mejdoub},
  journal = {IEEE Access},
  title   = {An {I}mproved {YOLO}v8 to {D}etect {M}oving {O}bjects},
  year    = {2024}
}



@misc{datakendaraan2024,
  title   = {Data {K}orlantas {P}olri, {J}umlah {K}endaraan {B}ermotor {T}ahun 2024},
  year    = 2024,
  url     = {http://rc.korlantas.polri.go.id:8900/eri2017/index.php},
  urldate = {2024-07-29}
}

@misc{datakendaraan2023,
  title   = {Data {K}orlantas {P}olri, {J}umlah {K}endaraan {B}ermotor {T}ahun 2023},
  year    = 2023,
  url     = {https://otomotif.kompas.com/read/2024/07/29/172100515/rasio-kepemilikan-sepeda-motor-orang-indonesia-1-motor-buat-4-orang#google_vignette},
  urldate = {2024-07-29}
}

@misc{djiphantom4pro,
  title   = {{DJI}, {P}hantom 4 {P}ro},
  year    = 2024,
  url     = {https://www.dji.com/id/support/product/phantom-4-pro},
  urldate = {2024-11-01}
}

@misc{yoloweb,
  title   = {{YOLO} {O}bject {D}etection},
  year    = 2024,
  url     = {https://www.datacamp.com/blog/yolo-object-detection-explained},
  urldate = {2024-11-01}
}


